<record><leader>00000cas a2200000   4500</leader><controlfield tag="001">6908454</controlfield><controlfield tag="007">hd afu---bbca</controlfield><controlfield tag="008">801106d187319uusduwr nea     0   a0eng d</controlfield><datafield ind1=" " ind2=" " tag="010"><subfield code="a">sn 96080302 </subfield></datafield><datafield ind1=" " ind2=" " tag="040"><subfield code="a">LDL</subfield><subfield code="b">eng</subfield><subfield code="c">LDL</subfield><subfield code="d">NVG</subfield><subfield code="d">OCL</subfield><subfield code="d">MTG</subfield><subfield code="d">OCLCF</subfield><subfield code="d">OCLCO</subfield><subfield code="d">OCLCQ</subfield></datafield><datafield ind1=" " ind2=" " tag="042"><subfield code="a">msc</subfield></datafield><datafield ind1=" " ind2=" " tag="043"><subfield code="a">n-us-sd</subfield></datafield><datafield ind1="0" ind2="4" tag="082"><subfield code="a">071</subfield></datafield><datafield ind1="0" ind2="0" tag="245"><subfield code="a">Yankton press and union and Dakotaian.</subfield></datafield><datafield ind1="1" ind2="3" tag="246"><subfield code="a">Press and Dakotaian</subfield></datafield><datafield ind1="1" ind2="3" tag="246"><subfield code="a">Weekly press and Dakotaian</subfield></datafield><datafield ind1="1" ind2="3" tag="246"><subfield code="a">Press and Dakotan</subfield></datafield><datafield ind1="1" ind2="3" tag="246"><subfield code="a">Yankton press and Dakotan</subfield></datafield><datafield ind1=" " ind2=" " tag="260"><subfield code="a">Yankton, Dakota Territory [S.D.],</subfield><subfield code="b">Press &amp; Dakotaian Pub. Co.,</subfield><subfield code="c">1873-</subfield></datafield><datafield ind1=" " ind2=" " tag="300"><subfield code="a">volumes</subfield></datafield><datafield ind1=" " ind2=" " tag="336"><subfield code="a">text</subfield><subfield code="b">txt</subfield><subfield code="2">rdacontent</subfield></datafield><datafield ind1=" " ind2=" " tag="337"><subfield code="a">microform</subfield><subfield code="b">h</subfield><subfield code="2">rdamedia</subfield></datafield><datafield ind1=" " ind2=" " tag="338"><subfield code="a">microfilm reel</subfield><subfield code="b">hd</subfield><subfield code="2">rdacarrier</subfield></datafield><datafield ind1="0" ind2=" " tag="362"><subfield code="a">Vol. 12, no. 23 (Nov. 20, 1873)-</subfield></datafield><datafield ind1=" " ind2=" " tag="500"><subfield code="a">Sometimes published as: Press and Dakotaian.</subfield></datafield><datafield ind1=" " ind2=" " tag="500"><subfield code="a">"The Yankton" and "union and" appear within the masthead ornament.</subfield></datafield><datafield ind1=" " ind2=" " tag="500"><subfield code="a">Beginning with May 2, 1889 issue, a variant spelling, Dakotan, replaced Dakotaian.</subfield></datafield><datafield ind1=" " ind2=" " tag="515"><subfield code="a">Also carries numbering of the Yankton press, Nov. 20, 1873-Dec. 10, 1874.</subfield></datafield><datafield ind1=" " ind2=" " tag="580"><subfield code="a">Formed by the union of: Yankton press, and: Union and Dakotaian.</subfield></datafield><datafield ind1=" " ind2=" " tag="580"><subfield code="a">Daily eds.: Yankton daily press and Dakotaian, Apr. 26-Nov. 4, 1875; Daily press and Dakotaian, Nov. 5, 1875-Apr. 24, 1880; Press and daily Dakotaian, Apr. 26, 1880-Apr. 25, 1889; and Yankton press and Dakotan, Apr. 26, 1889-</subfield></datafield><datafield ind1=" " ind2=" " tag="533"><subfield code="a">Microfilm.</subfield><subfield code="b">Madison, Wis.,</subfield><subfield code="c">State Historical Society of Wisconsin.</subfield><subfield code="e">1 reel, 35 mm.</subfield></datafield><datafield ind1=" " ind2="0" tag="651"><subfield code="a">Dakota Territory</subfield><subfield code="x">History</subfield><subfield code="v">Newspapers.</subfield></datafield><datafield ind1=" " ind2="0" tag="651"><subfield code="a">Yankton (S.D.)</subfield><subfield code="v">Newspapers.</subfield></datafield><datafield ind1=" " ind2="0" tag="651"><subfield code="a">Yankton County (S.D.)</subfield><subfield code="v">Newspapers.</subfield></datafield><datafield ind1=" " ind2="7" tag="651"><subfield code="a">South Dakota</subfield><subfield code="z">Yankton.</subfield><subfield code="2">fast</subfield><subfield code="0">(OCoLC)fst01228901</subfield></datafield><datafield ind1=" " ind2="7" tag="651"><subfield code="a">South Dakota</subfield><subfield code="z">Yankton County.</subfield><subfield code="2">fast</subfield><subfield code="0">(OCoLC)fst01207911</subfield></datafield><datafield ind1=" " ind2="7" tag="651"><subfield code="a">United States</subfield><subfield code="z">Dakota Territory.</subfield><subfield code="2">fast</subfield><subfield code="0">(OCoLC)fst01228148</subfield></datafield><datafield ind1=" " ind2="7" tag="655"><subfield code="a">History.</subfield><subfield code="2">fast</subfield><subfield code="0">(OCoLC)fst01411628</subfield></datafield><datafield ind1=" " ind2="7" tag="655"><subfield code="a">Newspapers.</subfield><subfield code="2">fast</subfield><subfield code="0">(OCoLC)fst01423814</subfield></datafield><datafield ind1=" " ind2=" " tag="752"><subfield code="a">United States</subfield><subfield code="b">South Dakota</subfield><subfield code="c">Yankton</subfield><subfield code="d">Yankton.</subfield></datafield><datafield ind1="1" ind2=" " tag="775"><subfield code="t">Yankton daily press and Dakotaian</subfield></datafield><datafield ind1="1" ind2=" " tag="775"><subfield code="t">Daily press and Dakotaian</subfield></datafield><datafield ind1="1" ind2=" " tag="775"><subfield code="t">Press and daily Dakotaian</subfield></datafield><datafield ind1="1" ind2=" " tag="775"><subfield code="t">Yankton press and Dakotan</subfield></datafield><datafield ind1="1" ind2=" " tag="776"><subfield code="t">Press and Dakotian</subfield><subfield code="w">(DLC)sn 83025489</subfield><subfield code="w">(OCoLC)2251847</subfield></datafield><datafield ind1="1" ind2="4" tag="780"><subfield code="t">Yankton press</subfield><subfield code="w">(DLC)sn 96080301</subfield><subfield code="w">(OCoLC)6908453</subfield></datafield><datafield ind1="1" ind2="4" tag="780"><subfield code="t">Union and Dakotaian</subfield><subfield code="w">(DLC)sn 96080300</subfield><subfield code="w">(OCoLC)6908448</subfield></datafield><datafield ind1=" " ind2=" " tag="936"><subfield code="a">Nov. 20, 1873-Mar. 25, 1875</subfield></datafield></record>